@online{site:agile-manifesto,
    title   = {Manifesto Agile},
    url     = {http://agilemanifesto.org/iso/it/}
}

@online{site:react,
    title   = {Sito ufficiale di React},
    url     = {https://reactjs.org/}
}

@online{site:node.js,
    title   = {Sito ufficiale di Node.Js},
    url     = {https://nodejs.org/en/}
}

@online{site:mongo,
    title   = {Sito ufficiale di MongoDB},
    url     = {https://www.mongodb.com/}
}

@online{site:mui,
    title   = {Sito ufficiale di MUI},
    url     = {https://mui.com/}
}

@online{site:rdr,
    title   = {Repository GitHub di react-date-range},
    url     = {https://github.com/hypeserver/react-date-range}
}

@online{site:puppeteer,
    title   = {Pagina npm di puppeteer},
    url     = {https://www.npmjs.com/package/puppeteer}
}

@online{site:handlebars,
    title   = {Pagina npm di Handlebars.js},
    url     = {https://www.npmjs.com/package/handlebars}
}

@online{site:chartjs,
    title   = {Sito ufficiale di Chart.js},
    url     = {https://www.chartjs.org/}
}

@online{site:nivo,
    title   = {Sito ufficiale di nivo},
    url     = {https://nivo.rocks/}
}

@online{site:d3,
    title   = {Sito ufficiale di D3.js},
    url     = {https://d3js.org/}
}

@online{site:scrum,
    title   = {Guida Scrum di Atlassian},
    url     = {https://www.atlassian.com/agile/scrum}
}

@online{site:sof,
    title   = {Stackoverflow},
    url     = {https://stackoverflow.com/}
}
